@Article{Aad:2008zzm,
     author    = "Aad, G. and others",
 collaboration = "ATLAS",
     title     = "{The ATLAS Experiment at the CERN Large Hadron Collider}",
     journal   = "JINST",
     volume    = "3",
     year      = "2008",
     pages     = "S08003",
     doi       = "10.1088/1748-0221/3/08/S08003",
}

@techreport{Salzburger:1038100,
      author       = "Salzburger, A",
      title        = "The ATLAS Track Extrapolation Package",
      institution  = "CERN",
      address      = "Geneva",
      number       = "ATL-SOFT-PUB-2007-005. ATL-COM-SOFT-2007-010",
      month        = "Jun",
      year         = "2007",
}

@Article{glazov,
     author    = "Glazov, A.",
     title     = "{Averaging of DIS cross section data}",
     journal   = "AIP Conf. Proc.",
     volume    = "792",
     year      = "2005",
     pages     = "237-240",
     doi       = "10.1063/1.2122026",
     SLACcitation  = "%%CITATION = APCPC,792,237;%%"
}


@techreport{Almond:1274252,
      author       = "Almond, J and Artoni, G and Biglietti, M and Candelise, V
                      and Corradi, M and Della Volpe, D and DiMattia, A and Domae,
                      T and Giagu, S and Giunta, M and Ishikawa, A and Ishino, M
                      and Kanno, T and Krasznahorkay, A and Kubota, T and
                      Kurashige, H and Maiani, C and Matsushita, T and Musto, E
                      and Nagano, K and Benhar Noccioli, E and Oda, S and Oh, A
                      and Owen, M and Pastore, F and Policicchio, A and Primavera,
                      M and Scannicchio, D and Tarem, S and Vallecorsa, S and
                      Ventura, A and Wilson, M",
      title        = "Performance of the ATLAS Muon Trigger in p-p collisions at
                      Sqrt(s) = 7 TeV",
      institution  = "CERN",
      address      = "Geneva",
      number       = "ATL-COM-GEN-2010-023",
      month        = "Jun",
      year         = "2010",
      note         = "The authors list will be provided in due time.",
}

@article{Oh:1263612,
      author       = "Oh, Alexander",
      title        = "Muon Trigger Signature Group Conference Plots for RT2010:
                      V100505\_1200",
      journal      = "ATLAS-PLOT-TDAQ-2010-003",
      month        = "May",
      year         = "2010",
}

@article{pythia,
    author    = "Sjostrand, Torbjorn and Mrenna, Stephen and Skands, Peter Z.",
    title     = "{PYTHIA 6.4 Physics and Manual}",
    journal   = "JHEP",
    volume    = "05",
    year      = "2006",
    pages     = "026",
    eprint    = "hep-ph/0603175",
    archivePrefix = "arXiv",
}


@Article{mcatnlo,
  author    = "Frixione, Stefano and Webber, Bryan R.",
  title     = "{Matching NLO QCD computations and parton shower
    simulations}",
journal   = "JHEP",
volume    = "06",
year      = "2002",
pages     = "029",
eprint    = "hep-ph/0204244",
archivePrefix = "arXiv",
}

@Article{fewz,
  author    = "Anastasiou, Charalampos and Dixon, Lance J. and Melnikov,
  Kirill and Petriello, Frank",
  title     = "{High precision QCD at hadron colliders: Electroweak gauge
    boson rapidity distributions at NNLO}",
journal   = "Phys. Rev.",
volume    = "D69",
year      = "2004",
pages     = "094008",
eprint    = "hep-ph/0312266",
archivePrefix = "arXiv",
doi       = "10.1103/PhysRevD.69.094008",
}

@article{geant4,
  author    = "Agostinelli, S. and others",
  collaboration = "GEANT4",
  title     = "{GEANT4: A simulation toolkit}",
  journal   = "Nucl. Instrum. Meth.",
  volume    = "A506",
  year      = "2003",
  pages     = "250-303",
  doi       = "10.1016/S0168-9002(03)01368-8",
}

% http://cds.cern.ch/record/782076?ln=en
@book{Brüning:782076,
      author       = "Brüning, Oliver Sim and Collier, Paul and Lebrun, P and
                      Myers, Stephen and Ostojic, Ranko and Poole, John and
                      Proudlock, Paul",
      title        = "LHC Design Report",
      publisher    = "CERN",
      address      = "Geneva",
      year         = "2004",
      note = "{CERN-2004-003-V-1}"
}

@article{mratfpaper,
  author   = "authors, needed",
  title    = "{Commissioning of the ATLAS Muon Spectrometer with Cosmic Rays}",
  year = "2010",
  note     = "{ATLAS-MUON-2010-01-001}"
}

@book{leroy2010astroparticle,
  title={Astroparticle, Particle and Space Physics, Detectors and Medical Physics Applications: Proceedings of the 11th Conference, Villa Olmo, Como, Italy, 5-9 October 2009},
  author={Leroy, C.},
  isbn={9789814307529},
  url={http://books.google.com/books?id=\_-Cc8ZpOAxAC},
  year={2010},
  publisher={World Scientific}
}

@article{idpaper,
  author   = "authors, needed",
  title    = "{The ATLAS Inner Detector commissioning and calibration}",
  year = "2010",
  note     = "{ATLAS-IDET-2010-01-001}"
}

@article{pythia8,
    author          = "T. Sjostrand, S. Mrenna and P. Skands",
    title           = "{Brief Introduction to PYTHIA 8.1}",
    journal         = "Comput. Phys. Comm.",
    volume          = "178",
    year            = "2008",
    pages           = "85",
    eprint          = "0710.3820v1",
    primaryClass    = "hep-ph",
    archivePrefix   = "arXiv",
    doi             = "10.1016/j.cpc.2008.01.036",
}


@article{pdfmaster,
    author          = "J.M. Campbell, J.W. Huston, W.J. Stirling",
    title           = "{Title: Hard Interactions of Quarks and Gluons: a Primer for LHC Physics}",
    eprint          = "0611148",
    primaryClass    = "hep-ph",
    year = "2006",
    archivePrefix   = "arXiv",
}

% Verena's thesis on wmunu charge asymmetry
@article{MartinezOutschoorn:2011hta,
      author         = "Martinez Outschoorn, Verena Ingrid",
      title          = "{Measurement of the Charge Asymmetry of W Bosons Produced
                        in pp Collisions at $\sqrt{s}$ = 7 TeV with the ATLAS
                        Detector}",
      reportNumber   = "CERN-THESIS-2011-037",
      year = "2011",
      SLACcitation   = "%%CITATION = CERN-THESIS-2011-037 ETC.;%%",
}

% PDF and theory overview: http://arxiv.org/abs/1208.1178
@article{0034-4885-76-4-046201,
  author={E Perez and E Rizvi},
  title={The quark and gluon structure of the proton},
  journal={Reports on Progress in Physics},
  volume={76},
  number={4},
  pages={046201},
  url={http://stacks.iop.org/0034-4885/76/i=4/a=046201},
  year={2013},
}

% Feynman partons
@article{PhysRevLett.23.1415,
  title = {Very High-Energy Collisions of Hadrons},
  author = {Feynman, Richard P.},
  journal = {Phys. Rev. Lett.},
  volume = {23},
  issue = {24},
  pages = {1415--1417},
  year = {1969},
  month = {Dec},
  doi = {10.1103/PhysRevLett.23.1415},
  url = {http://link.aps.org/doi/10.1103/PhysRevLett.23.1415},
  publisher = {American Physical Society}
}

@book{GRcite,
  title={Relativity: The Special and General Theory},
  author={W, R. and Einstein, A.},
  lccn={20017742},
  url={http://books.google.com/books?id=1sjaAAAAMAAJ},
  year={1920},
  publisher={Henry Holt}
}


% Drell-Yan factorization reference
@article{PhysRevLett.25.316,
  title = {Massive Lepton-Pair Production in Hadron-Hadron Collisions at High Energies},
  author = {Drell, Sidney D. and Yan, Tung-Mow},
  journal = {Phys. Rev. Lett.},
  volume = {25},
  issue = {5},
  pages = {316--320},
  year = {1970},
  month = {Aug},
  doi = {10.1103/PhysRevLett.25.316},
  url = {http://link.aps.org/doi/10.1103/PhysRevLett.25.316},
  publisher = {American Physical Society}
}
  
@article{Martin:2009iq,
      author         = "Martin, A.D. and Stirling, W.J. and Thorne, R.S. and
                        Watt, G.",
      title          = "{Parton distributions for the LHC}",
      journal        = "Eur.Phys.J.",
      volume         = "C63",
      pages          = "189-285",
      doi            = "10.1140/epjc/s10052-009-1072-5",
      year           = "2009",
      eprint         = "0901.0002",
      archivePrefix  = "arXiv",
      primaryClass   = "hep-ph",
      reportNumber   = "IPPP-08-95, DCPT-08-190, CAVENDISH-HEP-08-16",
      SLACcitation   = "%%CITATION = ARXIV:0901.0002;%%",
}


@article{cteq66,
    author          = "P.M.Nadolsky and others",
    title           = "{Implications of CTEQ global analysis for collider observables}",
    eprint          = "0802.0007",
    primaryClass    = "hep-ph",
    year = "2013",
    archivePrefix   = "arXiv",
}

@article{Ball:2012cx,
      author         = "Ball, Richard D. and Bertone, Valerio and Carrazza,
                        Stefano and Deans, Christopher S. and Del Debbio, Luigi
                        and others",
      title          = "{Parton distributions with LHC data}",
      journal        = "Nucl.Phys.",
      volume         = "B867",
      pages          = "244-289",
      doi            = "10.1016/j.nuclphysb.2012.10.003",
      year           = "2013",
      eprint         = "1207.1303",
      archivePrefix  = "arXiv",
      primaryClass   = "hep-ph",
      reportNumber   = "EDINBURGH-2012-08, IFUM-FT-997, FR-PHENO-2012-014,
                        RWTH-TTK-12-25, CERN-PH-TH-2012-037, SFB-CPP-12-47\",
      SLACcitation   = "%%CITATION = ARXIV:1207.1303;%%",
}


@Article{LOmod,
  author    = "Sherstnev, A. and Thorne, R. S.",
  title     = "{Parton Distributions for LO Generators}",
  journal   = "Eur. Phys. J.",
  volume    = "C55",
  year      = "2008",
  pages     = "553-575",
  eprint    = "0711.2473",
  archivePrefix = "arXiv",
  primaryClass  =  "hep-ph",
  doi       = "10.1140/epjc/s10052-008-0610-x",
}

@article{EtMiss1,
  author   = "Barillari, T. and others",
  title    = "{Local Hadronic Calibration}",
  year = "2013",
  note     = "{ATL-LARG-PUB-2009-001-2}"
}

@article{EtMiss2,
  author   = "Lampl, W. and others",
  title    = "{Calorimeter Clustering Algorithms: Description and Performance}",
  year = "2013",
  note     = "{ATL-LARG-PUB-2008-002}"
}

@article{PhysRevLett.13.508,
  title = {Broken Symmetries and the Masses of Gauge Bosons},
  author = {Higgs, Peter W.},
  journal = {Phys. Rev. Lett.},
  volume = {13},
  issue = {16},
  pages = {508--509},
  year = {1964},
  month = {Oct},
  doi = {10.1103/PhysRevLett.13.508},
  url = {http://link.aps.org/doi/10.1103/PhysRevLett.13.508},
  publisher = {American Physical Society}
}

@article{MCP-ICHEP,
  author   = "The ATLAS Collaboration, G. Aad and others",
  title    = "{Muon Reconstruction Performance}",
  year = "2013",
  note     = "{ATL-COM-PHYS-2010-430}"
}

@techreport{ATLAS-CONF-2012-042,
      title        = "Performance of the ATLAS Inner Detector Track and Vertex
                      Reconstruction in the High Pile-Up LHC Environment",
      institution  = "CERN",
      address      = "Geneva",
      number       = "ATLAS-CONF-2012-042",
      month        = "Mar",
      year         = "2012",
}

@article{Aad:2009wy,
      author         = "Aad, G. and others",
      title          = "{Expected Performance of the ATLAS Experiment - Detector,
                        Trigger and Physics}",
      collaboration  = "ATLAS Collaboration",
      year           = "2009",
      eprint         = "0901.0512",
      archivePrefix  = "arXiv",
      primaryClass   = "hep-ex",
      reportNumber   = "SLAC-R-980, CERN-OPEN-2008-020",
      SLACcitation   = "%%CITATION = ARXIV:0901.0512;%%",
}

@article{1748-0221-3-07-P07007,
  author         = "Aad, G. and others",
  title={ATLAS pixel detector electronics and sensors},
  collaboration  = "ATLAS Collaboration",
  journal={Journal of Instrumentation},
  volume={3},
  number={07},
  pages={P07007},
  url={http://stacks.iop.org/1748-0221/3/i=07/a=P07007},
  year={2008},
}

@article{1748-0221-3-10-P10006,
  author={ Abdesselam, A. and others },
  title={The integration and engineering of the ATLAS SemiConductor Tracker Barrel},
  collaboration  = "ATLAS Collaboration",
  journal={Journal of Instrumentation},
  volume={3},
  number={10},
  pages={P10006},
  url={http://stacks.iop.org/1748-0221/3/i=10/a=P10006},
  year={2008},
}

@article{1748-0221-3-02-P02013,
  author         = "Abat, E. and others",
  title={The ATLAS Transition Radiation Tracker (TRT) proportional drift tube: design and performance},
  collaboration  = "ATLAS Collaboration",
  journal={Journal of Instrumentation},
  volume={3},
  number={02},
  pages={P02013},
  url={http://stacks.iop.org/1748-0221/3/i=02/a=P02013},
  year={2008},
}

% https://cds.cern.ch/record/331061?ln=pt
@book{lar_tdr,
      author = "Aad, Georges and others",
      title        = "ATLAS liquid-argon calorimeter: Technical Design Report",
      publisher    = "CERN",
      address      = "Geneva",
      series       = "Technical Design Report ATLAS",
      year         = "1996",
}

% http://cds.cern.ch/record/331062?ln=en
@book{tile_tdr,
      author = "Aad, Georges and others",
      title        = "ATLAS tile calorimeter: Technical Design Report",
      publisher    = "CERN",
      address      = "Geneva",
      series       = "Technical Design Report ATLAS",
      year         = "1996",
}

% http://cds.cern.ch/record/331068?ln=en
@book{muon_tdr,
      author = "Aad, Georges and others",
      title        = "ATLAS muon spectrometer: Technical Design Report",
      publisher    = "CERN",
      address      = "Geneva",
      series       = "Technical Design Report ATLAS",
      year         = "1997",
      note         = "distribution",
}

% http://cds.cern.ch/record/616089?ln=en
@book{Jenni:616089,
      author       = "Jenni, Peter and Nessi, Marzio and Nordberg, Markus and
                      Smith, Kenway",
      title        = "ATLAS high-level trigger, data-acquisition and controls:
                      Technical Design Report",
      publisher    = "CERN",
      address      = "Geneva",
      series       = "Technical Design Report ATLAS",
      year         = "2003",
}

% http://cds.cern.ch/record/840543/
@book{Eck:840543,
      author       = "Eck and others",
      title        = "LHC computing Grid: Technical Design Report. Version 1.06
                      (20 Jun 2005)",
      publisher    = "CERN",
      address      = "Geneva",
      series       = "Technical Design Report LCG",
      year         = "2005",
}

% http://www.nature.com/news/2011/110119/full/469282a.html
@article{citeulike:8657322,
    author = {Brumfiel, Geoff},
    citeulike-article-id = {8657322},
    citeulike-linkout-0 = {http://dx.doi.org/10.1038/469282a},
    day = {20},
    doi = {10.1038/469282a},
    issn = {0028-0836},
    journal = {Nature},
    month = jan,
    number = {7330},
    pages = {282--283},
    posted-at = {2011-01-20 16:09:28},
    priority = {2},
    title = {{High-energy physics: Down the petabyte highway}},
    url = {http://dx.doi.org/10.1038/469282a},
    volume = {469},
    year = {2011}
}


@book{BayesianStatistics,
      author       = "A. Gelman J. B. Carlin H. S. Stern D.B. Rubin",
      title        = "Bayesian Data Analysis",
      publisher    = "Champman \& Hall/CRC",
      address      = "",
      year         = "2004",
}

@article {Adye:arXiv1105.1160,
author="Tim Adye",
title="Unfolding algorithms and tests using RooUnfold",
year="2011",
eprint="arXiv/1105.1160",
doi=""
}

@book{CrossSectionNote,
      author       = "J.M. Butterworth, J.M. and others",
      title        = "{Single Boson and Diboson Production Cross Sections in $pp$ Collisions at $\sqrt{s} = 7$~TeV}",
      publisher    = "ATL-COM-PHYS-2010-695",
      address      = "",
      year         = "2010",
}


@article{Aad:2011mk,
      author         = "Aad, Georges and others",
      title          = "{Electron performance measurements with the ATLAS
                        detector using the 2010 LHC proton-proton collision data}",
      collaboration  = "ATLAS Collaboration",
      journal        = "Eur.Phys.J.",
      volume         = "C72",
      pages          = "1909",
      doi            = "10.1140/epjc/s10052-012-1909-1",
      year           = "2012",
      eprint         = "1110.3174",
      archivePrefix  = "arXiv",
      primaryClass   = "hep-ex",
      reportNumber   = "CERN-PH-EP-2011-117",
      SLACcitation   = "%%CITATION = ARXIV:1110.3174;%%",
}

@techreport{ATLAS-CONF-2012-048,
      title        = "{Performance of the ATLAS Electron and Photon Trigger in pp
                      Collisions at sqrt{s} = 7 TeV in 2011}",
      institution  = "CERN",
      address      = "Geneva",
      number       = "ATLAS-CONF-2012-048",
      month        = "May",
      year         = "2012",
      url = "http://cds.cern.ch/record/1450089"
}

@techreport{ATLAS-CONF-2012-047,
      title        = "{Improved electron reconstruction in ATLAS using the
                      Gaussian Sum Filter-based model for bremsstrahlung}",
      institution  = "CERN",
      address      = "Geneva",
      number       = "ATLAS-CONF-2012-047",
      month        = "May",
      year         = "2012",
      url = "http://cds.cern.ch/record/1449796"
}

@article{Cacciari:2008gp,
      author         = "Cacciari, Matteo and Salam, Gavin P. and Soyez, Gregory",
      title          = "{The Anti-k(t) jet clustering algorithm}",
      journal        = "JHEP",
      volume         = "0804",
      pages          = "063",
      doi            = "10.1088/1126-6708/2008/04/063",
      year           = "2008",
      eprint         = "0802.1189",
      archivePrefix  = "arXiv",
      primaryClass   = "hep-ph",
      reportNumber   = "LPTHE-07-03",
      SLACcitation   = "%%CITATION = ARXIV:0802.1189;%%",
}

@article{jetmet_cleaning,
    author = "{JetMET group}", 
    title = "{HowToCleanJets2011 TWiki}",
    year = "2013",
    url = "https://twiki.cern.ch/twiki/bin/viewauth/AtlasProtected/HowToCleanJets2011"
}

@techreport{ATLAS-CONF-2013-004,
      title        = "Jet energy scale and its systematic uncertainty in
                      proton-proton collisions at sqrt(s)=7 TeV with ATLAS 2011
                      data",
      institution  = "CERN",
      address      = "Geneva",
      number       = "ATLAS-CONF-2013-004",
      month        = "Jan",
      year         = "2013",
}

@Article{Barlow:1993dm,
     author    = "Barlow, Roger J. and Beeston, Christine",
     title     = "{Fitting using finite Monte Carlo samples}",
     journal   = "Comput. Phys. Commun.",
     volume    = "77",
     year      = "1993",
     pages     = "219-228"
}


@Article{Golonka:2005pn,
     author    = "Golonka, Piotr and Was, Zbigniew",
     title     = "{PHOTOS Monte Carlo: A Precision tool for QED corrections
                  in $Z$ and $W$ decays}",
     journal   = "Eur. Phys. J.",
     volume    = "C45",
     year      = "2006",
     pages     = "97-107",
     eprint    = "hep-ph/0506026",
     archivePrefix = "arXiv",
     doi       = "10.1140/epjc/s2005-02396-4",
     SLACcitation  = "%%CITATION = HEP-PH/0506026;%%"
}

@Article{Corcella:2000bw,
     author    = "Corcella, G. and others",
     title     = "{HERWIG 6.5: an event generator for Hadron Emission
                  Reactions With Interfering Gluons (including supersymmetric
                  processes)}",
     journal   = "JHEP",
     volume    = "01",
     year      = "2001",
     pages     = "010",
     eprint    = "hep-ph/0011363",
     archivePrefix = "arXiv",
     SLACcitation  = "%%CITATION = HEP-PH/0011363;%%"
}


@techreport{Cerutti:1322424,
      author       = "Cerutti, F and Gatti, C and Kluit, P and Kortner, O and
                      Liebig, W and Liu, J and Salamanna, G and Salvucci, A and
                      van der Poel, E and Zhu, J",
      title        = "Muon Momentum Resolution in First Pass Reconstruction of pp
                      Collision Data Recorded by ATLAS in 2010",
      institution  = "CERN",
      address      = "Geneva",
      number       = "ATLAS-COM-CONF-2011-003",
      month        = "Jan",
      year         = "2011",
      note         = "signed off (for ciruclation in ATLAS) by edboard chair in
                      email to physics coordinator",
}

@article{Aad:2012re,
      author         = "Aad, Georges and others",
      title          = "{Performance of Missing Transverse Momentum
                        Reconstruction in Proton-Proton Collisions at 7 TeV with
                        ATLAS}",
      collaboration  = "ATLAS Collaboration",
      journal        = "Eur.Phys.J.",
      volume         = "C72",
      pages          = "1844",
      doi            = "10.1140/epjc/s10052-011-1844-6",
      year           = "2012",
      eprint         = "1108.5602",
      archivePrefix  = "arXiv",
      primaryClass   = "hep-ex",
      reportNumber   = "CERN-PH-EP-2011-114",
      SLACcitation   = "%%CITATION = ARXIV:1108.5602;%%",
}

@techreport{ATLAS-CONF-2012-101,
      title        = "Performance of Missing Transverse Momentum Reconstruction
                      in ATLAS with 2011 Proton-Proton Collisions at $sqrt{s}$ = 7
                      TeV",
      institution  = "CERN",
      address      = "Geneva",
      number       = "ATLAS-CONF-2012-101",
      month        = "Jul",
      year         = "2012",
      url = "https://cds.cern.ch/record/1463915"
}


@techreport{Kapliy:1358186,
      author       = "Kapliy, A and Onyisi, P and Shochet, M",
      title        = "Muon momentum scale from Z bosons",
      institution  = "CERN",
      address      = "Geneva",
      number       = "ATL-COM-MUON-2011-015",
      month        = "Jun",
      year         = "2011",
}

@article{Alekhin:2012ig,
      author         = "Alekhin, S. and Blumlein, J. and Moch, S.",
      title          = "{Parton Distribution Functions and Benchmark Cross
                        Sections at NNLO}",
      journal        = "Phys.Rev.",
      volume         = "D86",
      pages          = "054009",
      doi            = "10.1103/PhysRevD.86.054009",
      year           = "2012",
      eprint         = "1202.2281",
      archivePrefix  = "arXiv",
      primaryClass   = "hep-ph",
      reportNumber   = "DESY-12-023, DO-TH-11-31, LPN-12-033, SFB-CPP-12-08",
      SLACcitation   = "%%CITATION = ARXIV:1202.2281;%%",
}

% DGLAP evolution equation
@article{Dokshitzer:1977sg,
      author         = "Dokshitzer, Yuri L.",
      title          = "{Calculation of the Structure Functions for Deep
                        Inelastic Scattering and e+ e- Annihilation by
                        Perturbation Theory in Quantum Chromodynamics.}",
      journal        = "Sov.Phys.JETP",
      volume         = "46",
      pages          = "641-653",
      year           = "1977",
      SLACcitation   = "%%CITATION = SPHJA,46,641;%%",
}
@article{Gribov:1972ri,
      author         = "Gribov, V.N. and Lipatov, L.N.",
      title          = "{Deep inelastic e p scattering in perturbation theory}",
      journal        = "Sov.J.Nucl.Phys.",
      volume         = "15",
      pages          = "438-450",
      year           = "1972",
      reportNumber   = "IPTI-381-71",
      SLACcitation   = "%%CITATION = SJNCA,15,438;%%",
}
@article{Altarelli:1977zs,
      author         = "Altarelli, Guido and Parisi, G.",
      title          = "{Asymptotic Freedom in Parton Language}",
      journal        = "Nucl.Phys.",
      volume         = "B126",
      pages          = "298",
      doi            = "10.1016/0550-3213(77)90384-4",
      year           = "1977",
      reportNumber   = "LPTENS-77-6",
      SLACcitation   = "%%CITATION = NUPHA,B126,298;%%",
}


@article{Radescu:2011cn,
      author         = "Radescu, V.",
      collaboration = "H1 and ZEUS",
      title          = "{Hera Precision Measurements and Impact for LHC
                        Predictions}",
      year           = "2011",
      note           = "{HERAPDF 1.5 NLO and NNLO prelimiary, H1prelim-10-142, ZEUS-prel-10-018, H1prelim-11-042, ZEUS-prel-11-002, Proceedings of Moriond 2011}",
      eprint         = "1107.4193",
      archivePrefix  = "arXiv",
      primaryClass   = "hep-ex",
}

@article{H1:2009bp,
     author    = "Aaron, F.D. and others",
      collaboration  = "H1 Collaboration",
     title     = "{Measurement of the Inclusive ep Scattering Cross Section
                  at Low $Q^2$ and x at HERA}",
     journal   = "Eur. Phys. J.",
     volume    = "C63",
     year      = "2009",
     pages     = "625-678",
     eprint    = "arXiv 0904.0929",
     archivePrefix = "arXiv",
     primaryClass  =  "hep-ex",
     doi       = "10.1140/epjc/s10052-009-1128-6",
     SLACcitation  = "%%CITATION = 0904.0929;%%"
}



@Article{JimenezDelgado:2008hf,
     author    = "Jimenez-Delgado, P. and Reya, E.",
     title     = "{Dynamical NNLO parton distributions}",
     journal   = "Phys. Rev.",
     volume    = "D79",
     year      = "2009",
     pages     = "074023",
     eprint    = "0810.4274",
     archivePrefix = "arXiv",
     primaryClass  =  "hep-ph",
     doi       = "10.1103/PhysRevD.79.074023",
     SLACcitation  = "%%CITATION = 0810.4274;%%"
}



@article{Aad:2011yn,
      author         = "Aad, Georges and others",
      title          = "{Measurement of the Muon Charge Asymmetry from W Bosons
                        Produced in pp Collisions at $\sqrt{s} = 7$ TeV with the
                        ATLAS detector}",
      collaboration  = "ATLAS Collaboration",
      journal        = "Phys.Lett.",
      volume         = "B701",
      pages          = "31-49",
      doi            = "10.1016/j.physletb.2011.05.024",
      year           = "2011",
      eprint         = "1103.2929",
      archivePrefix  = "arXiv",
      primaryClass   = "hep-ex",
      SLACcitation   = "%%CITATION = ARXIV:1103.2929;%%",
}



@article{egammaenergydirection,
    author = "{egamma group}", 
    title = "{ElectronsEnergyDirection TWiki}",
    year = "2013",
    url = "https://twiki.cern.ch/twiki/bin/view/AtlasProtected/ElectronsEnergyDirection"
}

@article{egammaoq,
    author = "{egamma group}", 
    title = "{LArCleaningAndObjectQuality TWiki}",
    year = "2013",
    url = "https://twiki.cern.ch/twiki/bin/viewauth/AtlasProtected/LArCleaningAndObjectQuality"
}

@article{pileupscale,
    author = "{ID tracking group}", 
    title = "{InDetTrackingPerformanceGuideline TWiki:  Pile-up rescaling}",
    url = "https://twiki.cern.ch/twiki/bin/viewauth/AtlasProtected/InDetTrackingPerformanceGuidelines"
}


@article{Ball:2011mu,
      author         = "Ball, Richard D. and Bertone, Valerio and Cerutti,
                        Francesco and Del Debbio, Luigi and Forte, Stefano and
                        others",
      title          = "{Impact of Heavy Quark Masses on Parton Distributions and
                        LHC Phenomenology}",
      journal        = "Nucl.Phys.",
      volume         = "B849",
      pages          = "296-363",
      doi            = "10.1016/j.nuclphysb.2011.03.021",
      year           = "2011",
      eprint         = "1101.1300",
      archivePrefix  = "arXiv",
      primaryClass   = "hep-ph",
      reportNumber   = "EDINBURGH-2011-01, IFUM-969-FT, FR-PHENO-2010-043,
                        RWTH-TTK-11-02",
      SLACcitation   = "%%CITATION = ARXIV:1101.1300;%%",
}

@article{Aad:2011dm,
      author         = "Aad, Georges and others",
      title          = "{Measurement of the inclusive $W^\pm$ and $Z/\gamma^*$ cross
                        sections in the electron and muon decay channels in pp
                        collisions at $\sqrt{s} = 7$ TeV with the ATLAS detector}",
      collaboration  = "ATLAS Collaboration",
      journal        = "Phys.Rev.",
      volume         = "D85",
      pages          = "072004",
      doi            = "10.1103/PhysRevD.85.072004",
      year           = "2012",
      eprint         = "1109.5141",
      archivePrefix  = "arXiv",
      primaryClass   = "hep-ex",
      reportNumber   = "CERN-PH-EP-2011-143",
      SLACcitation   = "%%CITATION = ARXIV:1109.5141;%%",
}

@article{CMS:2011aa,
      author         = "Chatrchyan, Serguei and others",
      title          = "{Measurement of the Inclusive W and Z Production Cross
                        Sections in pp Collisions at sqrt(s) = 7 TeV}",
      collaboration  = "CMS Collaboration",
      journal        = "JHEP",
      volume         = "1110",
      pages          = "132",
      doi            = "10.1007/JHEP10(2011)132",
      year           = "2011",
      eprint         = "1107.4789",
      archivePrefix  = "arXiv",
      primaryClass   = "hep-ex",
      reportNumber   = "CMS-EWK-10-005, CERN-PH-EP-2011-107",
      SLACcitation   = "%%CITATION = ARXIV:1107.4789;%%",
}

@article{cdf:wz,
      author         = "A. Abulencia et al.",
      title          = "{Measurements of Inclusive W and Z Cross Sections in p-pbar Collisions at sqrt(s) = 1.96 TeV}",
      collaboration  = "CDF Collaboration",
      journal        = "J.Phys.",
      volume         = "G34",
      pages          = "2457-2544",
      doi            = "10.1088/0954-3899/34/12/001",
      year           = "2007",
      eprint         = "0508029",
      archivePrefix  = "arXiv",
      primaryClass   = "hep-ex",
      reportNumber   = "FERMILAB-PUB-05-360-E",
      SLACcitation   = "%%CITATION = ARXIV:0508029;%%",
}

@article{d0:wz,
      author         = "B. Abbott et al.",
      title          = "{Extraction of the Width of the W Boson from Measurements of sigma(ppbar->W+X)B(W->e nu) and sigma(ppbar->Z+X)B(Z->e e) and their Ratio}",
      collaboration  = "D0 Collaboration",
      journal        = "Phys.Rev.",
      volume         = "D61",
      pages          = "072001",
      doi            = "10.1103/PhysRevD.61.072001",
      year           = "2001",
      eprint         = "9906025",
      archivePrefix  = "arXiv",
      primaryClass   = "hep-ex",
      reportNumber   = "Fermilab-Pub-99/171-E",
      SLACcitation   = "%%CITATION = ARXIV:9906025;%%",
}

@article{Chatrchyan:2011wt,
      author         = "Chatrchyan, Serguei and others",
      title          = "{Measurement of the Rapidity and Transverse Momentum
                        Distributions of Z Bosons in pp Collisions at sqrt(s)=7
                        TeV}",
      collaboration  = "CMS Collaboration",
      journal        = "Phys.Rev.",
      volume         = "D85",
      pages          = "032002",
      doi            = "10.1103/PhysRevD.85.032002",
      year           = "2012",
      eprint         = "1110.4973",
      archivePrefix  = "arXiv",
      primaryClass   = "hep-ex",
      reportNumber   = "CMS-EWK-10-010, CERN-PH-EP-2011-169",
      SLACcitation   = "%%CITATION = ARXIV:1110.4973;%%",
}
@article{Chatrchyan:2011jz,
      author         = "Chatrchyan, Serguei and others",
      title          = "{Measurement of the lepton charge asymmetry in inclusive
                        $W$ production in pp collisions at $\sqrt{s} = 7$ TeV}",
      collaboration  = "CMS Collaboration",
      journal        = "JHEP",
      volume         = "1104",
      pages          = "050",
      doi            = "10.1007/JHEP04(2011)050",
      year           = "2011",
      eprint         = "1103.3470",
      archivePrefix  = "arXiv",
      primaryClass   = "hep-ex",
      reportNumber   = "CMS-EWK-10-006, CERN-EP-PH-2011-024",
      SLACcitation   = "%%CITATION = ARXIV:1103.3470;%%",
}

@article{Chatrchyan:2012xt,
      author         = "Chatrchyan, Serguei and others",
      title          = "{Measurement of the electron charge asymmetry in
                        inclusive W production in pp collisions at sqrt(s) = 7
                        TeV}",
      collaboration  = "CMS Collaboration",
      journal        = "Phys.Rev.Lett.",
      volume         = "109",
      pages          = "111806",
      doi            = "10.1103/PhysRevLett.109.111806",
      year           = "2012",
      eprint         = "1206.2598",
      archivePrefix  = "arXiv",
      primaryClass   = "hep-ex",
      reportNumber   = "CMS-SMP-12-001, CERN-PH-EP-2012-151",
      SLACcitation   = "%%CITATION = ARXIV:1206.2598;%%",
}

@article{Aaij:2012vn,
      author         = "Aaij, R and others",
      title          = "{Inclusive $W$ and $Z$ production in the forward region
                        at $\sqrt{s} = 7$ TeV}",
      collaboration  = "LHCb Collaboration",
      journal        = "JHEP",
      volume         = "1206",
      pages          = "058",
      doi            = "10.1007/JHEP06(2012)058",
      year           = "2012",
      eprint         = "1204.1620",
      archivePrefix  = "arXiv",
      primaryClass   = "hep-ex",
      reportNumber   = "CERN-PH-2012-099-LHCB-PAPER-2012-008",
      SLACcitation   = "%%CITATION = ARXIV:1204.1620;%%",
}

@article{Aaij:2012ta,
      author         = "Aaij, R and others",
      title          = "{Measurement of the cross-section for $Z \to e^+e^-$
                        production in $pp$ collisions at $\sqrt{s}=7$ TeV}",
      collaboration  = "LHCb collaboration",
      year           = "2012",
      eprint         = "1212.4620",
      archivePrefix  = "arXiv",
      primaryClass   = "hep-ex",
      reportNumber   = "CERN-PH-EP-2012-363, LHCB-PAPER-2012-036",
      SLACcitation   = "%%CITATION = ARXIV:1212.4620;%%",
}

@article{CMS-PAS-EWK-11-007,
      collaboration = "CMS",
      title        = "Measurement of the differential and double-differential
                      Drell-Yan cross section
          in proton-proton
                      collisions at 7 TeV",
      year         = "2012",
      url = "https://cdsweb.cern.ch/record/1439026",
      note = "CMS-PAS-EWK-11-007"
}

@article{CMS-PAS-EWK-11-005,
      collaboration = "CMS",
      title        = "Measurement of the muon charge asymmetry in inclusive W
                      production in pp collisions at sqrt(s) = 7 TeV",
      year         = "2011",
      url = "https://cdsweb.cern.ch/record/1377410",
      note = "CMS-PAS-EWK-11-005"
}

@article{Gavin:2010az,
      author         = "Gavin, Ryan and Li, Ye and Petriello, Frank and
                        Quackenbush, Seth",
      title          = "{FEWZ 2.0: A code for hadronic Z production at
                        next-to-next-to-leading order}",
      journal        = "Comput.Phys.Commun.",
      volume         = "182",
      pages          = "2388-2403",
      doi            = "10.1016/j.cpc.2011.06.008",
      year           = "2011",
      eprint         = "1011.3540",
      archivePrefix  = "arXiv",
      primaryClass   = "hep-ph",
      reportNumber   = "ANL-HEP-PR-10-60",
      SLACcitation   = "%%CITATION = ARXIV:1011.3540;%%",
}
@article{Gavin:2012sy,
      author         = "Gavin, Ryan and Li, Ye and Petriello, Frank and
                        Quackenbush, Seth",
      title          = "{W Physics at the LHC with FEWZ 2.1}",
      year           = "2012",
      eprint         = "1201.5896",
      archivePrefix  = "arXiv",
      primaryClass   = "hep-ph",
      reportNumber   = "ANL-HEP-PR-11-83, NUHEP-TH-12-01, PSI-PR-12-01",
      SLACcitation   = "%%CITATION = ARXIV:1201.5896;%%",
}
@article{Li:2012wn,
      author         = "Li, Ye and Petriello, Frank",
      title          = "{Combining QCD and electroweak corrections to dilepton
                        production in FEWZ}",
      year           = "2012",
      eprint         = "1208.5967",
      archivePrefix  = "arXiv",
      primaryClass   = "hep-ph",
      SLACcitation   = "%%CITATION = ARXIV:1208.5967;%%",
}

@article{Catani:2007vq,
      author         = "Catani, Stefano and Grazzini, Massimiliano",
      title          = "{An NNLO subtraction formalism in hadron collisions and
                        its application to Higgs boson production at the LHC}",
      journal        = "Phys.Rev.Lett.",
      volume         = "98",
      pages          = "222002",
      doi            = "10.1103/PhysRevLett.98.222002",
      year           = "2007",
      eprint         = "hep-ph/0703012",
      archivePrefix  = "arXiv",
      primaryClass   = "hep-ph",
      SLACcitation   = "%%CITATION = HEP-PH/0703012;%%",
}

@article{Catani:2009sm,
      author         = "Catani, Stefano and Cieri, Leandro and Ferrera, Giancarlo
                        and de Florian, Daniel and Grazzini, Massimiliano",
      title          = "{Vector boson production at hadron colliders: A Fully
                        exclusive QCD calculation at NNLO}",
      journal        = "Phys.Rev.Lett.",
      volume         = "103",
      pages          = "082001",
      doi            = "10.1103/PhysRevLett.103.082001",
      year           = "2009",
      eprint         = "0903.2120",
      archivePrefix  = "arXiv",
      primaryClass   = "hep-ph",
      SLACcitation   = "%%CITATION = ARXIV:0903.2120;%%",
}

@techreport{ATLAS-CONF-2012-080,
      title        = "Improved Luminosity Determination in $\mathbf{pp}$
                      Collisions at $\mathbf{\sqrt s = 7}$ TeV using the ATLAS
                      Detector at the LHC",
      institution  = "CERN",
      address      = "Geneva",
      number       = "ATLAS-CONF-2012-080",
      note         = "https://cdsweb.cern.ch/record/1460392",
      month        = "Jul",
      year         = "2012",
}

@article{Nason:2004rx,
      author         = "Nason, Paolo",
      title          = "{A New method for combining NLO QCD with shower Monte
                        Carlo algorithms}",
      journal        = "JHEP",
      volume         = "0411",
      pages          = "040",
      doi            = "10.1088/1126-6708/2004/11/040",
      year           = "2004",
      eprint         = "hep-ph/0409146",
      archivePrefix  = "arXiv",
      primaryClass   = "hep-ph",
      reportNumber   = "BICOCCA-FT-04-11",
      SLACcitation   = "%%CITATION = HEP-PH/0409146;%%",
}

@article{Frixione:2007vw,
      author         = "Frixione, Stefano and Nason, Paolo and Oleari, Carlo",
      title          = "{Matching NLO QCD computations with Parton Shower
                        simulations: the POWHEG method}",
      journal        = "JHEP",
      volume         = "0711",
      pages          = "070",
      doi            = "10.1088/1126-6708/2007/11/070",
      year           = "2007",
      eprint         = "0709.2092",
      archivePrefix  = "arXiv",
      primaryClass   = "hep-ph",
      reportNumber   = "BICOCCA-FT-07-9, GEF-TH-21-2007",
      SLACcitation   = "%%CITATION = ARXIV:0709.2092;%%",
}

@article{Alioli:2008gx,
      author         = "Alioli, Simone and Nason, Paolo and Oleari, Carlo and Re,
                        Emanuele",
      title          = "{NLO vector-boson production matched with shower in
                        POWHEG}",
      journal        = "JHEP",
      volume         = "0807",
      pages          = "060",
      doi            = "10.1088/1126-6708/2008/07/060",
      year           = "2008",
      eprint         = "0805.4802",
      archivePrefix  = "arXiv",
      primaryClass   = "hep-ph",
      reportNumber   = "NSF-KITP-08-74",
      SLACcitation   = "%%CITATION = ARXIV:0805.4802;%%",
}


@article{Alioli:2010xd,
      author         = "Alioli, Simone and Nason, Paolo and Oleari, Carlo and Re,
                        Emanuele",
      title          = "{A general framework for implementing NLO calculations in
                        shower Monte Carlo programs: the POWHEG BOX}",
      journal        = "JHEP",
      volume         = "1006",
      pages          = "043",
      doi            = "10.1007/JHEP06(2010)043",
      year           = "2010",
      eprint         = "1002.2581",
      archivePrefix  = "arXiv",
      primaryClass   = "hep-ph",
      reportNumber   = "DESY-10-018, SFB-CPP-10-22, IPPP-10-11, DCPT-10-22",
      SLACcitation   = "%%CITATION = ARXIV:1002.2581;%%",
}

@article{Mangano:2002ea,
      author         = "Mangano, Michelangelo L. and Moretti, Mauro and
                        Piccinini, Fulvio and Pittau, Roberto and Polosa, Antonio
                        D.",
      title          = "{ALPGEN, a generator for hard multiparton processes in
                        hadronic collisions}",
      journal        = "JHEP",
      volume         = "0307",
      pages          = "001",
      year           = "2003",
      eprint         = "hep-ph/0206293",
      archivePrefix  = "arXiv",
      primaryClass   = "hep-ph",
      reportNumber   = "CERN-TH-2002-129, FTN-T-2002-06",
      SLACcitation   = "%%CITATION = HEP-PH/0206293;%%",
}

@article{Hoche:2010kg,
      author         = "Hoche, Stefan and Krauss, Frank and Schonherr, Marek and
                        Siegert, Frank",
      title          = "{NLO matrix elements and truncated showers}",
      journal        = "JHEP",
      volume         = "1108",
      pages          = "123",
      doi            = "10.1007/JHEP08(2011)123",
      year           = "2011",
      eprint         = "1009.1127",
      archivePrefix  = "arXiv",
      primaryClass   = "hep-ph",
      reportNumber   = "ZU-TH-13-10, IPPP-10-73, DCPT-10-146,
                        CERN-PH-TH-2010-195, MCNET-10-17",
      SLACcitation   = "%%CITATION = ARXIV:1009.1127;%%",
}

@article{Lai:2010nw,
      author         = "Lai, Hung-Liang and Huston, Joey and Li, Zhao and
                        Nadolsky, Pavel and Pumplin, Jon and others",
      title          = "{Uncertainty induced by QCD coupling in the CTEQ global
                        analysis of parton distributions}",
      journal        = "Phys.Rev.",
      volume         = "D82",
      pages          = "054021",
      doi            = "10.1103/PhysRevD.82.054021",
      year           = "2010",
      eprint         = "1004.4624",
      archivePrefix  = "arXiv",
      primaryClass   = "hep-ph",
      reportNumber   = "MSUHEP-100421, SMU-HEP-10-07",
      SLACcitation   = "%%CITATION = ARXIV:1004.4624;%%",
}

@article{Lai:2010vv,
      author         = "Lai, Hung-Liang and Guzzi, Marco and Huston, Joey and Li,
                        Zhao and Nadolsky, Pavel M. and others",
      title          = "{New parton distributions for collider physics}",
      journal        = "Phys.Rev.",
      volume         = "D82",
      pages          = "074024",
      doi            = "10.1103/PhysRevD.82.074024",
      year           = "2010",
      eprint         = "1007.2241",
      archivePrefix  = "arXiv",
      primaryClass   = "hep-ph",
      reportNumber   = "MSUHEP-100707, SMU-HEP-10-10",
      SLACcitation   = "%%CITATION = ARXIV:1007.2241;%%",
}

@article{Pumplin:2002vw,
      author         = "Pumplin, J. and Stump, D.R. and Huston, J. and Lai, H.L.
                        and Nadolsky, Pavel M. and others",
      title          = "{New generation of parton distributions with
                        uncertainties from global QCD analysis}",
      journal        = "JHEP",
      volume         = "0207",
      pages          = "012",
      year           = "2002",
      eprint         = "hep-ph/0201195",
      archivePrefix  = "arXiv",
      primaryClass   = "hep-ph",
      reportNumber   = "MSU-HEP-011101",
      SLACcitation   = "%%CITATION = HEP-PH/0201195;%%",
}

@article{Jadach:1990mz,
      author         = "Jadach, Stanislaw and Kuhn, Johann H. and Was, Zbigniew",
      title          = "{TAUOLA: A Library of Monte Carlo programs to simulate
                        decays of polarized tau leptons}",
      journal        = "Comput.Phys.Commun.",
      volume         = "64",
      pages          = "275-299",
      doi            = "10.1016/0010-4655(91)90038-M",
      year           = "1990",
      reportNumber   = "CERN-TH-5856-90",
      SLACcitation   = "%%CITATION = CPHCB,64,275;%%",
}

@article{Moch:2008ai,
      author         = "Moch, S. and Uwer, P.",
      title          = "{Heavy-quark pair production at two loops in QCD}",
      journal        = "Nucl.Phys.Proc.Suppl.",
      volume         = "183",
      pages          = "75-80",
      doi            = "10.1016/j.nuclphysbps.2008.09.085",
      year           = "2008",
      eprint         = "0807.2794",
      archivePrefix  = "arXiv",
      primaryClass   = "hep-ph",
      reportNumber   = "DESY-08-097, TTP-08-29, SFB-CPP-08-49",
      SLACcitation   = "%%CITATION = ARXIV:0807.2794;%%",
}

@article{Langenfeld:2009tc,
      author         = "Langenfeld, U. and Moch, S. and Uwer, P.",
      title          = "{New results for t anti-t production at hadron
                        colliders}",
      year           = "2009",
      eprint         = "0907.2527",
      archivePrefix  = "arXiv",
      primaryClass   = "hep-ph",
      reportNumber   = "DESY-09-104, SFB-CPP-09-61, HU-EP-09-31",
      SLACcitation   = "%%CITATION = ARXIV:0907.2527;%%",
}

@article{Aad:2011yb,
      author         = "Aad, Georges and others",
      title          = "{Measurement of the top quark pair production cross
                        section in pp collisions at sqrt(s) = 7 TeV in dilepton
                        final states with ATLAS}",
      collaboration  = "ATLAS Collaboration",
      journal        = "Phys.Lett.",
      volume         = "B707",
      pages          = "459-477",
      doi            = "10.1016/j.physletb.2011.12.055",
      year           = "2012",
      eprint         = "1108.3699",
      archivePrefix  = "arXiv",
      primaryClass   = "hep-ex",
      reportNumber   = "CERN-PH-EP-2011-103",
      SLACcitation   = "%%CITATION = ARXIV:1108.3699;%%",
}

@article{egamma2011support,
      author       = "Kretzschmar, J and Iconomidou-Fayard, L and others",
      title        = "Supporting document on electron performance measurements
                      using the 2011 LHC proton-proton collisions",
      institution  = "CERN",
      address      = "Geneva",
      number       = "ATL-COM-PHYS-2012-1023",
      month        = "Jul",
      year         = "2012",
      note         = "This is the draft of the supporting document",
      url = "https://cdsweb.cern.ch/record/1461217"
}

@article{egamma2011conf,
      author       = "Kretzschmar, J and Iconomidou-Fayard, L",
      title        = "Electron performances measurements using the 2011 LHC
                      proton-proton collisions",
      institution  = "CERN",
      address      = "Geneva",
      number       = "ATL-COM-PHYS-2012-1024",
      month        = "Jul",
      year         = "2012",
      note         = "This is a draft of the CONF Note",
      url = "https://cdsweb.cern.ch/record/1461219"
}

@article{egamma2011support_calib,
      author       = "Boonekamp, Maarten and Carminati, Leonardo and others",
      title        = "Supporting note for the 2011 EM calibration analysis (DRAFT)",
      institution  = "CERN",
      address      = "Geneva",
      number       = "ATL-COM-PHYS-2012-1473",
      month        = "Oct",
      year         = "2012",
      url = "https://cds.cern.ch/record/1483496"
}

@article{electron_calib,
    author = "{egamma group}", 
    title = "{EnergyScaleResolutionRecommendations TWiki}",
    year = "2013",
    url = "https://twiki.cern.ch/twiki/bin/viewauth/AtlasProtected/EnergyScaleResolutionRecommendations"
}



@article{Aad:2011gj,
      author         = "Aad, Georges and others",
      title          = "{Measurement of the transverse momentum distribution of
                        Z/gamma* bosons in proton-proton collisions at $\sqrt(s)=7$
                        TeV with the ATLAS detector}",
      collaboration  = "ATLAS Collaboration",
      journal        = "Phys.Lett.",
      volume         = "B705",
      pages          = "415-434",
      doi            = "10.1016/j.physletb.2011.10.018",
      year           = "2011",
      eprint         = "1107.2381",
      archivePrefix  = "arXiv",
      primaryClass   = "hep-ex",
      reportNumber   = "CERN-PH-EP-2011-095",
      SLACcitation   = "%%CITATION = ARXIV:1107.2381;%%",
}

@article{Aad:2011fp,
      author         = "Aad, Georges and others",
      title          = "{Measurement of the Transverse Momentum Distribution of W
                        Bosons in pp Collisions at $\sqrt(s) = 7$ TeV with the ATLAS
                        Detector}",
      collaboration  = "ATLAS Collaboration",
      journal        = "Phys.Rev.",
      volume         = "D85",
      pages          = "012005",
      doi            = "10.1103/PhysRevD.85.012005",
      year           = "2012",
      eprint         = "1108.6308",
      archivePrefix  = "arXiv",
      primaryClass   = "hep-ex",
      reportNumber   = "CERN-PH-EP-2011-134",
      SLACcitation   = "%%CITATION = ARXIV:1108.6308;%%",
}

@article{zphistar,
      author         = "Aad, Georges and others",
      title          = "{Measurement of angular correlations in Drell-Yan lepton
                        pairs to probe Z/gamma* boson transverse momentum at
                        sqrt(s)=7 TeV with the ATLAS detector}",
      collaboration  = "ATLAS Collaboration",
      year           = "2012",
      eprint         = "1211.6899",
      archivePrefix  = "arXiv",
      primaryClass   = "hep-ex",
      reportNumber   = "CERN-PH-EP-2012-325",
      SLACcitation   = "%%CITATION = ARXIV:1211.6899;%%",
}


@techreport{iba_maarten_vicini,
      author       = "Boonekamp, M and Vicini, A and others",
      title        = "{Improved LO electroweak approximations for Z and W Generators}",
      institution  = "CERN",
      address      = "Geneva",
      month        = "Oct",
      year         = "2012",
      url = "{https://twiki.cern.ch/twiki/pub/AtlasProtected/WZElectroweakCommonTopics2011/IBA.pdf}",
}

@article{Whalley:2005nh,
      author         = "Whalley, M.R. and Bourilkov, D. and Group, R.C.",
      title          = "{The Les Houches accord PDFs (LHAPDF) and LHAGLUE}",
      year           = "2005",
      eprint         = "hep-ph/0508110",
      archivePrefix  = "arXiv",
      primaryClass   = "hep-ph",
      SLACcitation   = "%%CITATION = HEP-PH/0508110;%%",
}

@article{Bourilkov:2006cj,
      author         = "Bourilkov, D and Group, R C and Whalley, M R",
      title          = "{LHAPDF: PDF use from the Tevatron to the LHC}",
      year           = "2006",
      eprint         = "hep-ph/0605240",
      archivePrefix  = "arXiv",
      primaryClass   = "hep-ph",
      SLACcitation   = "%%CITATION = HEP-PH/0605240;%%",
}

@article{Aad:2011qv,
      author         = "Aad, Georges and others",
      title          = "{Measurement of the production cross section for Z/gamma*
                        in association with jets in $pp$ collisions at
                        $\sqrt{s}=7$ TeV with the ATLAS detector}",
      collaboration  = "ATLAS Collaboration",
      journal        = "Phys.Rev.",
      volume         = "D85",
      pages          = "032009",
      doi            = "10.1103/PhysRevD.85.032009",
      year           = "2012",
      eprint         = "1111.2690",
      archivePrefix  = "arXiv",
      primaryClass   = "hep-ex",
      reportNumber   = "CERN-PH-EP-2011-162",
      SLACcitation   = "%%CITATION = ARXIV:1111.2690;%%",
}

@article{Aad:2012en,
      author         = "Aad, Georges and others",
      title          = "{Study of jets produced in association with a $W$ boson
                        in $pp$ collisions at $\sqrt{s}=7$ TeV with the ATLAS
                        detector}",
      collaboration  = "ATLAS Collaboration",
      journal        = "Phys.Rev.",
      volume         = "D85",
      pages          = "092002",
      doi            = "10.1103/PhysRevD.85.092002",
      year           = "2012",
      eprint         = "1201.1276",
      archivePrefix  = "arXiv",
      primaryClass   = "hep-ex",
      reportNumber   = "CERN-PH-EP-2011-218",
      SLACcitation   = "%%CITATION = ARXIV:1201.1276;%%",
}

@article{ATLAS:2012au,
      author         = "Aad, Georges and others",
      title          = "{Measurement of the polarisation of $W$ bosons produced
                        with large transverse momentum in $pp$ collisions at
                        $\sqrt{s}=7$ TeV with the ATLAS experiment}",
      collaboration  = "ATLAS Collaboration",
      journal        = "Eur.Phys.J.",
      volume         = "C72",
      pages          = "2001",
      doi            = "10.1140/epjc/s10052-012-2001-6",
      year           = "2012",
      eprint         = "1203.2165",
      archivePrefix  = "arXiv",
      primaryClass   = "hep-ex",
      reportNumber   = "CERN-PH-EP-2012-016",
      SLACcitation   = "%%CITATION = ARXIV:1203.2165;%%",
}

@techreport{wpolasupport,
      author       = "Belloni, A and Blanchard, J-B and Fournier, D and Makovec,
                      N and Serin, L",
      title        = "{W polarization measurement at large momentum transfer using
                      the electron and muon decay modes with 2010 data}",
      institution  = "CERN",
      address      = "Geneva",
      number       = "ATL-COM-PHYS-2011-938",
      month        = "Jul",
      year         = "2011",
      url = "https://cdsweb.cern.ch/record/1368133"
}

@article{Krasny:2012pa,
      author         = "Krasny, M.W. and Placzek, W.",
      title          = "{Charge asymmetries of lepton transverse momenta in
                        Drell-Yan processes at the LHC}",
      year           = "2012",
      eprint         = "1209.4733",
      archivePrefix  = "arXiv",
      primaryClass   = "hep-ph",
      SLACcitation   = "%%CITATION = ARXIV:1209.4733;%%",
}

@article{ATLAS-DAPR-2011-01-002,
      author = "Aad, Georges and others",
      title        = "{Improved Luminosity Determination in pp Collisions at
                      $\sqrt(s) = 7$ TeV using the ATLAS Detector at the LHC}",
      month        = "Dec",
      year         = "2012",
      note         = "second publication draft",
      url          = "https://cds.cern.ch/record/1500064"
}

@techreport{support2010, 
      author       = "Aharrouche, M and others", 
      title        = "{Total and differential $W\to\ell\nu$ and $Z\to \ell\ell$ 
                      cross-sections measurements in proton-proton collisions at 
                      $\sqrt{s} =7$ TeV with the ATLAS Detector}", 
      institution  = "CERN", 
      address      = "Geneva", 
      number       = "ATL-COM-PHYS-2011-751", 
      month        = "Jun", 
      year         = "2011", 
      url = "https://cdsweb.cern.ch/record/1361300" 
} 

@techreport{extra_etacrack, 
      author       = "Lorenzo, Narei and Fournier, Daniel and Richter-Was, Elzbieta and Froidevaux, Daniel", 
      title        = "{Various Reports on electron efficiency loss for $1.65<|\eta|<1.70$}", 
      year         = "2011-2012",
      url = "http://indico.cern.ch/getFile.py/access?contribId=1&resId=0&materialId=slides&confId=205024"
} 

@article{top_xsectwiki,
    author = "{top group}", 
    title = "{TopMC11 TWiki}",
    year = "2013",
    url = "https://twiki.cern.ch/twiki/bin/viewauth/AtlasProtected/TopMC11#Single_top_Samples_in_MC11_Produ"}
}

@article{pileupreweightingtool,
    author = "{Buttinger, will}", 
    title = "{ExtendedPileupReweighting TWiki}",
    year = "2013",
    url = "https://twiki.cern.ch/twiki/bin/viewauth/AtlasProtected/ExtendedPileupReweighting"
}

@article{Aad:2012ux,
      author         = "Aad, Georges and others",
      title          = "{Measurement of the $t$-channel single top-quark
                        production cross section in $pp$ collisions at
                        $\sqrt{s}=7$ TeV with the ATLAS detector}",
      collaboration  = "ATLAS Collaboration",
      journal        = "Phys.Lett.",
      volume         = "B717",
      pages          = "330-350",
      doi            = "10.1016/j.physletb.2012.09.031",
      year           = "2012",
      eprint         = "1205.3130",
      archivePrefix  = "arXiv",
      primaryClass   = "hep-ex",
      reportNumber   = "CERN-PH-EP-2012-082",
      SLACcitation   = "%%CITATION = ARXIV:1205.3130;%%",
}

@article{Kidonakis:2011wy,
      author         = "Kidonakis, Nikolaos",
      title          = "{Next-to-next-to-leading-order collinear and soft gluon
                        corrections for t-channel single top quark production}",
      journal        = "Phys.Rev.",
      volume         = "D83",
      pages          = "091503",
      doi            = "10.1103/PhysRevD.83.091503",
      year           = "2011",
      eprint         = "1103.2792",
      archivePrefix  = "arXiv",
      primaryClass   = "hep-ph",
      SLACcitation   = "%%CITATION = ARXIV:1103.2792;%%",
}

@article{Kidonakis:2010ux,
      author         = "Kidonakis, Nikolaos",
      title          = "{Two-loop soft anomalous dimensions for single top quark
                        associated production with a W- or H-}",
      journal        = "Phys.Rev.",
      volume         = "D82",
      pages          = "054018",
      doi            = "10.1103/PhysRevD.82.054018",
      year           = "2010",
      eprint         = "1005.4451",
      archivePrefix  = "arXiv",
      primaryClass   = "hep-ph",
      SLACcitation   = "%%CITATION = ARXIV:1005.4451;%%",
}

@article{Kidonakis:2010tc,
      author         = "Kidonakis, Nikolaos",
      title          = "{NNLL resummation for s-channel single top quark
                        production}",
      journal        = "Phys.Rev.",
      volume         = "D81",
      pages          = "054028",
      doi            = "10.1103/PhysRevD.81.054028",
      year           = "2010",
      eprint         = "1001.5034",
      archivePrefix  = "arXiv",
      primaryClass   = "hep-ph",
      SLACcitation   = "%%CITATION = ARXIV:1001.5034;%%",
}

@techreport{ATLAS-CONF-2012-099,
      title        = "{Performance of the ATLAS muon trigger in 2011}",
      institution  = "CERN",
      address      = "Geneva",
      number       = "ATLAS-CONF-2012-099",
      month        = "July",
      year         = "2012",
	  url = "http://cds.cern.ch/record/1462601"
}

@article{Laforge:1996ts,
      author         = "Laforge, B. and Schoeffel, L.",
      title          = "{Elements of statistical methods in high-energy physics
                        analyses}",
      journal        = "Nucl.Instrum.Meth.",
      volume         = "A394",
      pages          = "115-120",
      doi            = "10.1016/S0168-9002(97)00649-9",
      year           = "1997",
      reportNumber   = "DAPNIA-SPP-96-27",
      SLACcitation   = "%%CITATION = NUIMA,A394,115;%%",
}

@misc{HERAFitter,
       author = "HERAFitter",
       year   = "2013",
       title = {http://projects.hepforge.org/herafitter},
}



@article{Aaron:2009aa,
      author         = "Aaron, F.D. and others",
      title          = "{Combined Measurement and QCD Analysis of the Inclusive
                        e+- p Scattering Cross Sections at HERA}",
      collaboration  = "H1 and ZEUS Collaboration",
      journal        = "JHEP",
      volume         = "1001",
      pages          = "109",
      doi            = "10.1007/JHEP01(2010)109",
      year           = "2010",
      eprint         = "0911.0884",
      archivePrefix  = "arXiv",
      primaryClass   = "hep-ex",
      reportNumber   = "DESY-09-158",
      SLACcitation   = "%%CITATION = ARXIV:0911.0884;%%",
}

@article{Aaron:2009kv,
      author         = "Aaron, F.D. and others",
      title          = "{A Precision Measurement of the Inclusive ep Scattering
                        Cross Section at HERA}",
      collaboration  = "H1 Collaboration",
      journal        = "Eur.Phys.J.",
      volume         = "C64",
      pages          = "561-587",
      doi            = "10.1140/epjc/s10052-009-1169-x",
      year           = "2009",
      eprint         = "0904.3513",
      archivePrefix  = "arXiv",
      primaryClass   = "hep-ex",
      reportNumber   = "DESY-09-005, DESY09-005",
      SLACcitation   = "%%CITATION = ARXIV:0904.3513;%%",
}

@article{Botje:2010ay,
      author         = "Botje, M.",
      title          = "{QCDNUM: Fast QCD Evolution and Convolution}",
      journal        = "Comput.Phys.Commun.",
      volume         = "182",
      pages          = "490-532",
      doi            = "10.1016/j.cpc.2010.10.020",
      year           = "2011",
      eprint         = "1005.1481",
      archivePrefix  = "arXiv",
      primaryClass   = "hep-ph",
      reportNumber   = "NIKHEF-10-002",
      SLACcitation   = "%%CITATION = ARXIV:1005.1481;%%",
}

@article{James:1975dr,
      author         = "James, F. and Roos, M.",
      title          = "{Minuit: A System for Function Minimization and Analysis
                        of the Parameter Errors and Correlations}",
      journal        = "Comput.Phys.Commun.",
      volume         = "10",
      pages          = "343-367",
      doi            = "10.1016/0010-4655(75)90039-9",
      year           = "1975",
      reportNumber   = "CERN-DD-75-20",
      SLACcitation   = "%%CITATION = CPHCB,10,343;%%",
}

@article{Carli:2010rw,
      author         = "Carli, Tancredi and Clements, Dan and Cooper-Sarkar,
                        Amanda and Gwenlan, Claire and Salam, Gavin P. and others",
      title          = "{A posteriori inclusion of parton density functions in
                        NLO QCD final-state calculations at hadron colliders: The
                        APPLGRID Project}",
      journal        = "Eur.Phys.J.",
      volume         = "C66",
      pages          = "503-524",
      doi            = "10.1140/epjc/s10052-010-1255-0",
      year           = "2010",
      eprint         = "0911.2985",
      archivePrefix  = "arXiv",
      primaryClass   = "hep-ph",
      SLACcitation   = "%%CITATION = ARXIV:0911.2985;%%",
}

@article{Campbell:2010ff,
      author         = "Campbell, John M. and Ellis, R.K.",
      title          = "{MCFM for the Tevatron and the LHC}",
      journal        = "Nucl.Phys.Proc.Suppl.",
      volume         = "205-206",
      pages          = "10-15",
      doi            = "10.1016/j.nuclphysbps.2010.08.011",
      year           = "2010",
      eprint         = "1007.3492",
      archivePrefix  = "arXiv",
      primaryClass   = "hep-ph",
      reportNumber   = "FERMILAB-CONF-10-244-T",
      SLACcitation   = "%%CITATION = ARXIV:1007.3492;%%",
}

@article{Thorne:1997ga,
      author         = "Thorne, R.S. and Roberts, R.G.",
      title          = "{An Ordered analysis of heavy flavor production in deep
                        inelastic scattering}",
      journal        = "Phys.Rev.",
      volume         = "D57",
      pages          = "6871-6898",
      doi            = "10.1103/PhysRevD.57.6871",
      year           = "1998",
      eprint         = "hep-ph/9709442",
      archivePrefix  = "arXiv",
      primaryClass   = "hep-ph",
      reportNumber   = "RAL-TR-97-049",
      SLACcitation   = "%%CITATION = HEP-PH/9709442;%%",
}


@article{Thorne:2006qt,
      author         = "Thorne, R.S.",
      title          = "{A Variable-flavor number scheme for NNLO}",
      journal        = "Phys.Rev.",
      volume         = "D73",
      pages          = "054019",
      doi            = "10.1103/PhysRevD.73.054019",
      year           = "2006",
      eprint         = "hep-ph/0601245",
      archivePrefix  = "arXiv",
      primaryClass   = "hep-ph",
      reportNumber   = "CAVENDISH-HEP-2006-01",
      SLACcitation   = "%%CITATION = HEP-PH/0601245;%%",
}

@article{Aad:2012sb,
      author         = "Aad, Georges and others",
      title          = "{Determination of the strange quark density of the proton
                        from ATLAS measurements of the $W -> l \nu$ and $Z -> ll$ cross sections}",
      collaboration  = "ATLAS Collaboration",
      journal        = "Phys.Rev.Lett.",
      volume         = "109",
      pages          = "012001",
      doi            = "10.1103/PhysRevLett.109.012001",
      year           = "2012",
      eprint         = "1203.4051",
      archivePrefix  = "arXiv",
      primaryClass   = "hep-ex",
      reportNumber   = "CERN-PH-EP-2012-030",
      SLACcitation   = "%%CITATION = ARXIV:1203.4051;%%",
}

@book{PDG,
      author         = " J. Beringer et al. (Particle Data Group)",
      title          = "{Review of Particle Physics}",
      journal        = "Phys.Rev.D",
      volume         = "86",
      pages          = "010001",
      doi            = "10.1103/PhysRevD.86.010001",
      year           = "2012",
}

@article{Kobayashi01021973,
author = {Kobayashi, Makoto and Maskawa, Toshihide}, 
title = {CP-Violation in the Renormalizable Theory of Weak Interaction},
volume = {49}, 
number = {2}, 
pages = {652-657}, 
year = {1973}, 
doi = {10.1143/PTP.49.652}, 
URL = {http://ptp.oxfordjournals.org/content/49/2/652.abstract}, 
eprint = {http://ptp.oxfordjournals.org/content/49/2/652.full.pdf+html}, 
journal = {Progress of Theoretical Physics} 
}
